<record><leader>00000cas a22000007a 4500</leader><controlfield tag="001">11698371</controlfield><controlfield tag="008">850215d18701873nbuwr ne      0    0eng d</controlfield><datafield ind1=" " ind2=" " tag="010"><subfield code="a">sn 85033148 </subfield></datafield><datafield ind1=" " ind2=" " tag="040"><subfield code="a">NPU</subfield><subfield code="b">eng</subfield><subfield code="c">NPU</subfield><subfield code="d">PPM</subfield><subfield code="d">MGN</subfield><subfield code="d">NVG</subfield><subfield code="d">OCLCQ</subfield><subfield code="d">OCLCF</subfield><subfield code="d">OCLCO</subfield></datafield><datafield ind1="1" ind2=" " tag="029"><subfield code="a">AU@</subfield><subfield code="b">000020368385</subfield></datafield><datafield ind1=" " ind2=" " tag="042"><subfield code="a">msc</subfield></datafield><datafield ind1=" " ind2=" " tag="043"><subfield code="a">n-us-nb</subfield></datafield><datafield ind1="0" ind2="4" tag="245"><subfield code="a">The Central star.</subfield></datafield><datafield ind1=" " ind2=" " tag="260"><subfield code="a">Fort Kearney, Neb. :</subfield><subfield code="b">Moses H. Sydenham</subfield></datafield><datafield ind1=" " ind2=" " tag="300"><subfield code="a">v. ;</subfield><subfield code="c">49 cm.</subfield></datafield><datafield ind1=" " ind2=" " tag="310"><subfield code="a">Weekly</subfield></datafield><datafield ind1="1" ind2=" " tag="362"><subfield code="a">Began in 1870; ceased in 1873.</subfield></datafield><datafield ind1=" " ind2=" " tag="500"><subfield code="a">Dedicated to relocating the national capital to the Fort Kearny military reservation in Nebraska.</subfield></datafield><datafield ind1=" " ind2=" " tag="588"><subfield code="a">Description based on: Vol. 1, no. 6 (Mar. 4, 1870).</subfield></datafield><datafield ind1=" " ind2="0" tag="651"><subfield code="a">Fort Kearny (Neb.)</subfield><subfield code="v">Newspapers.</subfield></datafield><datafield ind1=" " ind2="7" tag="655"><subfield code="a">Newspapers.</subfield><subfield code="2">fast</subfield><subfield code="0">(OCoLC)fst01423814</subfield></datafield><datafield ind1=" " ind2="7" tag="651"><subfield code="a">Nebraska</subfield><subfield code="z">Fort Kearny.</subfield><subfield code="2">fast</subfield><subfield code="0">(OCoLC)fst01210909</subfield></datafield><datafield ind1=" " ind2=" " tag="752"><subfield code="a">United States</subfield><subfield code="b">Nebraska</subfield><subfield code="c">Kearney</subfield><subfield code="d">Fort Kearny.</subfield></datafield></record>